<?xml version="1.0" encoding="UTF-8"?><collection xmlns="http://www.loc.gov/MARC21/slim"><record><leader>00543nam--2200181-u-4500</leader><controlfield tag="001">000056841</controlfield><controlfield tag="002">20191114</controlfield><controlfield tag="005">20191114041635</controlfield><controlfield tag="008">191114s1000------------r-----000-0-eng-d</controlfield><datafield ind1=" " ind2=" " tag="040"><subfield code="a">IFIN-HH</subfield></datafield><datafield ind1=" " ind2=" " tag="041"><subfield code="a">eng</subfield></datafield><datafield ind1="1" ind2=" " tag="100"><subfield code="a">SKULLERUD, HELGE REDVALD</subfield></datafield><datafield ind1="1" ind2="0" tag="245"><subfield code="a">MOTION OF GASEOUS IONS IN ELECTROSTATIC FIELDS</subfield><subfield code="c">HELGE REDVALD SKULLERUD</subfield></datafield><datafield ind1=" " ind2=" " tag="260"><subfield code="a">TRONDHEIM, NORWAY</subfield><subfield code="b">THE NORVEGIAN INSTITUTE OF TECHNOLOGY TRONDHEIM</subfield><subfield code="c">1972</subfield></datafield><datafield ind1=" " ind2=" " tag="300"><subfield code="a">PAG.DIF</subfield></datafield><datafield ind1=" " ind2=" " tag="500"><subfield code="a">DONATIE GHEORGHE DINESCU</subfield></datafield><datafield ind1=" " ind2=" " tag="852"><subfield code="a">82779</subfield><subfield code="c">533.7</subfield></datafield><datafield ind1=" " ind2=" " tag="CAT"><subfield code="a">SYS</subfield><subfield code="c">20191114</subfield><subfield code="h">041635</subfield></datafield></record></collection>